@incollection{harley2015,
    author = {Harley, N.},
    title = {Slavery, the British Atlantic Economy, and the Industrial Revolution},
    booktitle = {The Caribbean and the Atlantic World economy: circuits of trade, money and knowledge, 1650-1914},
    editor = {Leonard, A. B. and Pretel, D.},
    pages = {161-183},
    publisher = {Palgrave Macmillan},
    year = {2015},
    url = {https://permalink.obvsg.at/wuw/AC12241897}
}

@article{berghudson2021,
    author = {Berg, M. and Hudson, P.},
    title = {Slavery, Atlantic trade and skills: a response to Mokyr’s ‘Holy Land of Industrialism’},
    journal = {Journal of the British Academy},
    volume = {9},
    pages = {259-281},
    year = {2021},
    doi = {10.5871/jba/009.259}
}

@article{eltisengerman2000,
    author = {Eltis, D. and Engerman, S. L.},
    title = {The Importance of Slavery and the Slave Trade to Industrializing Britain},
    journal = {Journal of Economic History},
    volume = {60},
    number = {1},
    pages = {123-144},
    year = {2000},
    url = {https://www.jstor.org/stable/2566799}
}

@article{drescher1997,
    author = {Drescher, S.},
    title = {Capitalism and slavery after fifty years},
    journal = {Slavery and Abolition},
    volume = {18},
    number = {3},
    pages = {212-227},
    year = {1997},
    doi = {10.1080/01440399708575219}
}

@article{solow1985,
    author = {Solow, B. L.},
    title = {Caribbean slavery and British growth: The Eric Williams hypothesis},
    journal = {Journal of Development Economics},
    volume = {17},
    number = {1-2},
    pages = {99-115},
    year = {1985},
    doi = {10.1016/0304-3878(85)90024-0}
}
